% Encoding: UTF-8

@Article{stolpe2016internet,
  author    = {Stolpe, Marco},
  title     = {The internet of things: Opportunities and challenges for distributed data analysis},
  journal   = {ACM SIGKDD Explorations Newsletter},
  year      = {2016},
  volume    = {18},
  number    = {1},
  pages     = {15--34},
  publisher = {ACM},
}

@Comment{jabref-meta: databaseType:bibtex;}
