% Encoding: UTF-8

@InProceedings{eittenberger2012rapidstream,
  author       = {Eittenberger, Philipp M and Herbst, Matthias and Krieger, Udo R},
  title        = {Rapidstream: P2p streaming on android},
  booktitle    = {2012 19th International Packet Video Workshop (PV)},
  year         = {2012},
  pages        = {125--130},
  organization = {IEEE},
}

@Comment{jabref-meta: databaseType:bibtex;}
