% Encoding: UTF-8

@Article{iot,
  author        = {Marco Stolpe},
  title         = {The Internet of Things: Opportunities and Challenges for Distributed Data Analysis},
  journal       = {{SIGKDD} Explorations},
  year          = {2016},
  volume        = {18},
  number        = {1},
  pages         = {15--34},
  __markedentry = {[user:1]},
  bibsource     = {dblp computer science bibliography, https://dblp.org},
  biburl        = {https://dblp.org/rec/bib/journals/sigkdd/Stolpe16},
  doi           = {10.1145/2980765.2980768},
  timestamp     = {Tue, 06 Nov 2018 12:51:58 +0100},
  url           = {https://doi.org/10.1145/2980765.2980768},
}

@InProceedings{bernstein2011crowdsourcing,
  author        = {Bernstein, Michael and Chi, Ed H and Chilton, Lydia and Hartmann, Bj{\"o}rn and Kittur, Aniket and Miller, Robert C},
  title         = {Crowdsourcing and human computation: systems, studies and platforms},
  booktitle     = {CHI'11 Extended Abstracts on Human Factors in Computing Systems},
  year          = {2011},
  pages         = {53--56},
  organization  = {ACM},
  __markedentry = {[user:1]},
  keywords      = {rank1},
}

@InProceedings{varshney2012privacy,
  author        = {Varshney, Lav R},
  title         = {Privacy and reliability in crowdsourcing service delivery},
  booktitle     = {2012 Annual SRII Global Conference},
  year          = {2012},
  pages         = {55--60},
  organization  = {IEEE},
  __markedentry = {[user:1]},
}

@Comment{jabref-meta: databaseType:bibtex;}
