% Encoding: UTF-8

@Article{subset,
  author  = {Ertekin, Seyda and Hirsh, Haym and Rudin, Cynthia},
  title   = {Learning to predict the wisdom of crowds},
  journal = {arXiv preprint arXiv:1204.3611},
  year    = {2012},
}

@InProceedings{encryption,
  author    = {Damg{\aa}rd, Ivan and Jurik, Mats},
  title     = {A Generalisation, a Simplification and Some Applications of Paillier's Probabilistic Public-Key System},
  booktitle = {Proceedings of the 4th International Workshop on Practice and Theory in Public Key Cryptography: Public Key Cryptography},
  year      = {2001},
  series    = {PKC '01},
  pages     = {119--136},
  address   = {London, UK, UK},
  publisher = {Springer-Verlag},
  acmid     = {746742},
  isbn      = {3-540-41658-7},
  numpages  = {18},
  url       = {http://dl.acm.org/citation.cfm?id=648118.746742},
}

@Article{lin2005privacy,
  author    = {Lin, Xiaodong and Clifton, Chris and Zhu, Michael},
  title     = {Privacy-preserving clustering with distributed EM mixture modeling},
  journal   = {Knowledge and information systems},
  year      = {2005},
  volume    = {8},
  number    = {1},
  pages     = {68--81},
  publisher = {Springer},
}

@Article{burkhart2010sepia,
  author  = {Burkhart, Martin and Strasser, Mario and Many, Dilip and Dimitropoulos, Xenofontas},
  title   = {SEPIA: Privacy-preserving aggregation of multi-domain network events and statistics},
  journal = {Network},
  year    = {2010},
  volume  = {1},
  number  = {101101},
}

@Article{shamir1979share,
  author    = {Shamir, Adi},
  title     = {How to share a secret},
  journal   = {Communications of the ACM},
  year      = {1979},
  volume    = {22},
  number    = {11},
  pages     = {612--613},
  publisher = {ACm},
}

@InProceedings{bin2010research,
  author       = {Bin, Shen and Yuan, Liu and Xiaoyi, Wang},
  title        = {Research on data mining models for the internet of things},
  booktitle    = {2010 International Conference on Image Analysis and Signal Processing},
  year         = {2010},
  pages        = {127--132},
  organization = {IEEE},
}

@Article{tsai2014data,
  author    = {Tsai, Chun-Wei and Lai, Chin-Feng and Chiang, Ming-Chao and Yang, Laurence T},
  title     = {Data mining for internet of things: A survey},
  journal   = {IEEE Communications Surveys \& Tutorials},
  year      = {2014},
  volume    = {16},
  number    = {1},
  pages     = {77--97},
  publisher = {IEEE},
}

@Book{thrun2004advances,
  title     = {Advances in Neural Information Processing Systems 16: Proceedings of the 2003 Conference},
  publisher = {MIT press},
  year      = {2004},
  author    = {Thrun, Sebastian and Saul, Lawrence K and Sch{\"o}lkopf, Bernhard},
  volume    = {16},
}

@InProceedings{stolpe2011learning,
  author       = {Stolpe, Marco and Morik, Katharina},
  title        = {Learning from label proportions by optimizing cluster model selection},
  booktitle    = {Joint European Conference on Machine Learning and Knowledge Discovery in Databases},
  year         = {2011},
  pages        = {349--364},
  organization = {Springer},
}

@Article{das2010local,
  author    = {Das, Kamalika and Bhaduri, Kanishka and Kargupta, Hillol},
  title     = {A local asynchronous distributed privacy preserving feature selection algorithm for large peer-to-peer networks},
  journal   = {Knowledge and information systems},
  year      = {2010},
  volume    = {24},
  number    = {3},
  pages     = {341--367},
  publisher = {Springer},
}

@InProceedings{dai2003simulation,
  author       = {Dai, Xiaowen and Ferman, Martin A and Roesser, Robert P},
  title        = {A simulation evaluation of a real-time traffic information system using probe vehicles},
  booktitle    = {Proceedings of the 2003 IEEE International Conference on Intelligent Transportation Systems},
  year         = {2003},
  volume       = {1},
  pages        = {475--480},
  organization = {IEEE},
}

@InProceedings{carroll2010analysis,
  author       = {Carroll, Aaron and Heiser, Gernot and others},
  title        = {An Analysis of Power Consumption in a Smartphone.},
  booktitle    = {USENIX annual technical conference},
  year         = {2010},
  volume       = {14},
  pages        = {21--21},
  organization = {Boston, MA},
}

@Article{chaum1981untraceable,
  author    = {Chaum, David L},
  title     = {Untraceable electronic mail, return addresses, and digital pseudonyms},
  journal   = {Communications of the ACM},
  year      = {1981},
  volume    = {24},
  number    = {2},
  pages     = {84--90},
  publisher = {ACM},
}

@InProceedings{consolvo2005location,
  author       = {Consolvo, Sunny and Smith, Ian E and Matthews, Tara and LaMarca, Anthony and Tabert, Jason and Powledge, Pauline},
  title        = {Location disclosure to social relations: why, when, \& what people want to share},
  booktitle    = {Proceedings of the SIGCHI conference on Human factors in computing systems},
  year         = {2005},
  pages        = {81--90},
  organization = {ACM},
}

@InProceedings{palen2003unpacking,
  author       = {Palen, Leysia and Dourish, Paul},
  title        = {Unpacking privacy for a networked world},
  booktitle    = {Proceedings of the SIGCHI conference on Human factors in computing systems},
  year         = {2003},
  pages        = {129--136},
  organization = {ACM},
}

@InProceedings{chawla2005toward,
  author       = {Chawla, Shuchi and Dwork, Cynthia and McSherry, Frank and Smith, Adam and Wee, Hoeteck},
  title        = {Toward privacy in public databases},
  booktitle    = {Theory of Cryptography Conference},
  year         = {2005},
  pages        = {363--385},
  organization = {Springer},
}

@Comment{jabref-meta: databaseType:bibtex;}
