% Encoding: UTF-8

@Misc{facebook,
  author = {The Guardian},
  note   = {Accessed: 2019-04-10},
  url    = {https://www.theguardian.com/technology/2018/oct/12/facebook-data-breach-personal-information-hackers},
}

@Misc{gpsLogger,
  author = {GPS Logger},
  note   = {Accessed: 2019-04-10},
  url    = {https://github.com/mendhak/gpslogger/tree/master/gpslogger/src/main/java/com/mendhak/gpslogger},
}

@Misc{schemaOrg,
  author = {Schema.org},
  note   = {Accessed: 2019-04-10},
  url    = {https://schema.org/PostalAddress},
}

@Misc{googleApiReverseGeo,
  author = {Google},
  note   = {Accessed: 2019-04-10},
  url    = {https://developers.google.com/maps/documentation/geocoding/intro#ReverseGeocoding},
}

@Misc{rsa,
  author = {Stackoverflow},
  note   = {Accessed: 2019-04-10},
  url    = {https://stackoverflow.com/questions/12471999/rsa-encryption-decryption-in-android},
}

@Misc{android-market-share,
  author = {Statista},
  note   = {Accessed: 2019-06-07},
  url    = {https://www.statista.com/statistics/266136/global-market-share-held-by-smartphone-operating-systems/},
}

@Misc{android-api-level-share,
  author = {Google Developers},
  note   = {Accessed: 2019-06-07},
  url    = {https://developer.android.com/about/dashboards},
}

@Comment{jabref-meta: databaseType:bibtex;}
