% Encoding: UTF-8

@InProceedings{lamarca2005place,
  author       = {LaMarca, Anthony and Chawathe, Yatin and Consolvo, Sunny and Hightower, Jeffrey and Smith, Ian and Scott, James and Sohn, Timothy and Howard, James and Hughes, Jeff and Potter, Fred and others},
  title        = {Place lab: Device positioning using radio beacons in the wild},
  booktitle    = {International Conference on Pervasive Computing},
  year         = {2005},
  pages        = {116--133},
  organization = {Springer},
}

@InProceedings{schilit2003challenge,
  author       = {Schilit, Bill N and LaMarca, Anthony and Borriello, Gaetano and Griswold, William G and McDonald, David and Lazowska, Edward and Balachandran, Anand and Hong, Jason and Iverson, Vaughn},
  title        = {Challenge: Ubiquitous location-aware computing and the place lab initiative},
  booktitle    = {Proceedings of the 1st ACM international workshop on Wireless mobile applications and services on WLAN hotspots},
  year         = {2003},
  pages        = {29--35},
  organization = {ACM},
}

@Comment{jabref-meta: databaseType:bibtex;}
